@inproceedings{Convex.jl-2014,
  title={Convex optimization in {J}ulia},
  author={Udell, Madeleine and Mohan, Karanveer and Zeng, David and Hong, Jenny and Diamond, Steven and Boyd, Stephen},
  booktitle={Proceedings of the 1st First Workshop for High Performance Technical Computing in Dynamic Languages},
  pages={18--28},
  year={2014},
  organization={IEEE Press}
}
